@misc{meyers2011loss,
  title={Loss reserving data pulled from {NAIC} Schedule P},
  author={Meyers, Glenn and Shi, Peng},
  year={2011},
  howpublished={\url{http://www.casact.org/research/index.cfm?fa=loss_reserves_data}}
}

@book{meyers2015stochastic,
  title={Stochastic loss reserving using Bayesian {MCMC} models},
  author={Meyers, Glenn},
  year={2015},
  publisher={Casualty Actuarial Society}
}

@article{lecun2015deep,
  title={Deep learning},
  author={LeCun, Yann and Bengio, Yoshua and Hinton, Geoffrey},
  journal={nature},
  volume={521},
  number={7553},
  pages={436},
  year={2015},
  publisher={Nature Publishing Group}
}

@misc{chollet2017kerasR,
  title={R Interface to Keras},
  author={Chollet, Fran\c{c}ois and Allaire, JJ and others},
  year={2017},
  publisher={GitHub},
  howpublished={\url{https://github.com/rstudio/keras}},
}

@article{quarg2004munich,
  title={Munich chain ladder},
  author={Quarg, Gerhard and Mack, Thomas},
  journal={Bl{\"a}tter der DGVFM},
  volume={26},
  number={4},
  pages={597--630},
  year={2004},
  publisher={Springer}
}

@article{miranda2012double,
  title={Double chain ladder},
  author={Miranda, Mar{\'\i}a Dolores Mart{\'\i}nez and Nielsen, Jens Perch and Verrall, Richard},
  journal={ASTIN Bulletin: The Journal of the IAA},
  volume={42},
  number={1},
  pages={59--76},
  year={2012},
  publisher={Cambridge University Press}
}

@article{avanzi2016stochastic,
  title={Stochastic loss reserving with dependence: A flexible multivariate Tweedie approach},
  author={Avanzi, Benjamin and Taylor, Greg and Vu, Phuong Anh and Wong, Bernard},
  journal={Insurance: Mathematics and Economics},
  volume={71},
  pages={63--78},
  year={2016},
  publisher={Elsevier}
}

@misc{tensorflow2015-whitepaper,
title={ {TensorFlow}: Large-Scale Machine Learning on Heterogeneous Systems},
url={https://www.tensorflow.org/},
note={Software available from tensorflow.org},
author={
    Mart\'{\i}n~Abadi and
    Ashish~Agarwal and
    Paul~Barham and
    Eugene~Brevdo and
    Zhifeng~Chen and
    Craig~Citro and
    Greg~S.~Corrado and
    Andy~Davis and
    Jeffrey~Dean and
    Matthieu~Devin and
    Sanjay~Ghemawat and
    Ian~Goodfellow and
    Andrew~Harp and
    Geoffrey~Irving and
    Michael~Isard and
    Yangqing Jia and
    Rafal~Jozefowicz and
    Lukasz~Kaiser and
    Manjunath~Kudlur and
    Josh~Levenberg and
    Dandelion~Man\'{e} and
    Rajat~Monga and
    Sherry~Moore and
    Derek~Murray and
    Chris~Olah and
    Mike~Schuster and
    Jonathon~Shlens and
    Benoit~Steiner and
    Ilya~Sutskever and
    Kunal~Talwar and
    Paul~Tucker and
    Vincent~Vanhoucke and
    Vijay~Vasudevan and
    Fernanda~Vi\'{e}gas and
    Oriol~Vinyals and
    Pete~Warden and
    Martin~Wattenberg and
    Martin~Wicke and
    Yuan~Yu and
    Xiaoqiang~Zheng},
  year={2015},
}

@inproceedings{collobert2008unified,
  title={A unified architecture for natural language processing: Deep neural networks with multitask learning},
  author={Collobert, Ronan and Weston, Jason},
  booktitle={Proceedings of the 25th international conference on Machine learning},
  pages={160--167},
  year={2008},
  organization={ACM}
}

@article{caruana1997multitask,
  title={Multitask learning},
  author={Caruana, Rich},
  journal={Machine learning},
  volume={28},
  number={1},
  pages={41--75},
  year={1997},
  publisher={Springer}
}

@book{goodfellow2016deep,
  title={Deep learning},
  author={Goodfellow, Ian and Bengio, Yoshua and Courville, Aaron},
  year={2016},
  publisher={MIT Press Cambridge}
}

@article{england2002stochastic,
  title={Stochastic claims reserving in general insurance},
  author={England, Peter D and Verrall, Richard J},
  journal={British Actuarial Journal},
  volume={8},
  number={3},
  pages={443--518},
  year={2002},
  publisher={Cambridge University Press}
}

@misc{chung2014empirical,
    title={Empirical Evaluation of Gated Recurrent Neural Networks on Sequence Modeling},
    author={Junyoung Chung and Caglar Gulcehre and KyungHyun Cho and Yoshua Bengio},
    year={2014},
    eprint={1412.3555},
    archivePrefix={arXiv},
    primaryClass={cs.NE}
}

@inproceedings{nair2010rectified,
  title={Rectified linear units improve restricted boltzmann machines},
  author={Nair, Vinod and Hinton, Geoffrey E},
  booktitle={Proceedings of the 27th international conference on machine learning (ICML-10)},
  pages={807--814},
  year={2010}
}

@inproceedings{
j.2018on,
title={On the Convergence of Adam and Beyond},
author={Sashank J. Reddi and Satyen Kale and Sanjiv Kumar},
booktitle={International Conference on Learning Representations},
year={2018},
url={https://openreview.net/forum?id=ryQu7f-RZ},
}

@article{mack1993distribution,
  title={Distribution-free calculation of the standard error of chain ladder reserve estimates},
  author={Mack, Thomas},
  journal={Astin bulletin},
  volume={23},
  number={2},
  pages={213--225},
  year={1993}
}

@book{chollet2018deep,
  title={Deep learning with R},
  author={Chollet, Francois and Allaire, JJ},
  year={2018},
  publisher={Manning Publications}
}

@incollection{jolliffe2011principal,
  title={Principal component analysis},
  author={Jolliffe, Ian},
  booktitle={International encyclopedia of statistical science},
  pages={1094--1096},
  year={2011},
  publisher={Springer}
}

@article{wuthrich2018machine,
  title={Machine learning in individual claims reserving},
  author={W{\"u}thrich, Mario V},
  journal={Scandinavian Actuarial Journal},
  pages={1--16},
  year={2018},
  publisher={Taylor \& Francis}
}

@Manual{h2o_R_package,
    title = {h2o: R Interface for H2O},
    author = {{The H2O.ai team}},
    year = {2018},
    note = {R package version 3.20.0.8},
    url = {http://www.h2o.ai},
}

@book{friedman2001elements,
  title={The elements of statistical learning},
  author={Friedman, Jerome and Hastie, Trevor and Tibshirani, Robert},
  volume={1},
  number={10},
  year={2001},
  publisher={Springer series in statistics New York, NY, USA:}
}

@article{gabrielli2018neural,
  title={Neural network embedding of the over-dispersed Poisson reserving model},
  author={Gabrielli, Andrea and Richman, Ronald and Wuthrich, Mario V},
  journal={Available at SSRN},
  year={2018}
}

@article{gabrielli2019neural,
  title={A Neural Network Boosted Double Over-Dispersed Poisson Claims Reserving Model},
  author={Gabrielli, Andrea},
  journal={Available at SSRN 3365517},
  year={2019}
}

@article{wuthrich2018neural,
  title={Neural networks applied to chain--ladder reserving},
  author={W{\"u}thrich, Mario V},
  journal={European Actuarial Journal},
  volume={8},
  number={2},
  pages={407--436},
  year={2018},
  publisher={Springer}
}

@inproceedings{sutskever2014sequence,
  title={Sequence to sequence learning with neural networks},
  author={Sutskever, Ilya and Vinyals, Oriol and Le, Quoc V},
  booktitle={Advances in neural information processing systems},
  pages={3104--3112},
  year={2014}
}

@article{DBLP:journals/corr/SrivastavaMS15,
  author    = {Nitish Srivastava and
               Elman Mansimov and
               Ruslan Salakhutdinov},
  title     = {Unsupervised Learning of Video Representations using LSTMs},
  journal   = {CoRR},
  volume    = {abs/1502.04681},
  year      = {2015},
  url       = {http://arxiv.org/abs/1502.04681},
  archivePrefix = {arXiv},
  eprint    = {1502.04681},
  timestamp = {Mon, 13 Aug 2018 16:47:05 +0200},
  biburl    = {https://dblp.org/rec/bib/journals/corr/SrivastavaMS15},
  bibsource = {dblp computer science bibliography, https://dblp.org}
}

@article{richman2018neural,
  title={A neural network extension of the Lee-Carter model to multiple populations},
  author={Richman, Ronald and Wuthrich, Mario V},
  journal={Available at SSRN 3270877},
  year={2018}
}

@article{Cheng_2016,
   title={Wide \& Deep Learning for Recommender Systems},
   ISBN={9781450347952},
   url={http://dx.doi.org/10.1145/2988450.2988454},
   DOI={10.1145/2988450.2988454},
   journal={Proceedings of the 1st Workshop on Deep Learning for Recommender Systems - DLRS 2016},
   publisher={ACM Press},
   author={Cheng, Heng-Tze and Ispir, Mustafa and Anil, Rohan and Haque, Zakaria and Hong, Lichan and Jain, Vihan and Liu, Xiaobing and Shah, Hemal and Koc, Levent and Harmsen, Jeremiah and et al.},
   year={2016}
}

@article{DBLP:journals/corr/GuoB16,
  author    = {Cheng Guo and
               Felix Berkhahn},
  title     = {Entity Embeddings of Categorical Variables},
  journal   = {CoRR},
  volume    = {abs/1604.06737},
  year      = {2016},
  url       = {http://arxiv.org/abs/1604.06737},
  archivePrefix = {arXiv},
  eprint    = {1604.06737},
  timestamp = {Mon, 13 Aug 2018 16:49:04 +0200},
  biburl    = {https://dblp.org/rec/bib/journals/corr/GuoB16},
  bibsource = {dblp computer science bibliography, https://dblp.org}
}

@incollection{NIPS2017_7219,
  title = {Simple and Scalable Predictive Uncertainty Estimation using Deep Ensembles},
  author = {Lakshminarayanan, Balaji and Pritzel, Alexander and Blundell, Charles},
  booktitle = {Advances in Neural Information Processing Systems 30},
  editor = {I. Guyon and U. V. Luxburg and S. Bengio and H. Wallach and R. Fergus and S. Vishwanathan and R. Garnett},
  pages = {6402--6413},
  year = {2017},
  publisher = {Curran Associates, Inc.},
  url = {http://papers.nips.cc/paper/7219-simple-and-scalable-predictive-uncertainty-estimation-using-deep-ensembles.pdf}
}

@article{gabrielli2018individual,
  title={An individual claims history simulation machine},
  author={Gabrielli, Andrea and V W{\"u}thrich, Mario},
  journal={Risks},
  volume={6},
  number={2},
  pages={29},
  year={2018},
  publisher={Multidisciplinary Digital Publishing Institute}
}

@article{wuthrich2019data,
  title={Data analytics for non-life insurance pricing},
  author={Wuthrich, Mario V and Buser, Christoph},
  journal={Swiss Finance Institute Research Paper},
  number={16-68},
  year={2019}
}

@article{srivastava2014dropout,
  title={Dropout: a simple way to prevent neural networks from overfitting},
  author={Srivastava, Nitish and Hinton, Geoffrey and Krizhevsky, Alex and Sutskever, Ilya and Salakhutdinov, Ruslan},
  journal={The journal of machine learning research},
  volume={15},
  number={1},
  pages={1929--1958},
  year={2014},
  publisher={JMLR. org}
}
